@misc{kmeansW,
  title = {{	k-means clustering} Wikipedia, the free encyclopedia},
  howpublished = {\url{https://en.wikipedia.org/wiki/K-means_clustering}},
  note = {Accessed: June 2016}
}
@inproceedings{guha1998cure,
  title={CURE: an efficient clustering algorithm for large databases},
  author={Guha, Sudipto and Rastogi, Rajeev and Shim, Kyuseok},
  booktitle={ACM SIGMOD Record},
  volume={27},
  number={2},
  pages={73--84},
  year={1998},
  organization={ACM}
}
@inproceedings{ester1996density,
  title={A density-based algorithm for discovering clusters in large spatial databases with noise.},
  author={Ester, Martin and Kriegel, Hans-Peter and Sander, J{\"o}rg and Xu, Xiaowei},
  booktitle={Kdd},
  volume={96},
  number={34},
  pages={226--231},
  year={1996}
}
@article{blockeel2010machine,
  title={Machine Learning and Inductive Inference},
  author={Blockeel, Hendrik},
  journal={ACCO Leuven},
  year={2010}
}

